% Encoding: UTF-8

@Article{DBLP:journals/corr/GeLM16,
  author        = {Rong Ge and Jason D. Lee and Tengyu Ma},
  title         = {Matrix Completion has No Spurious Local Minimum},
  journal       = {CoRR},
  year          = {2016},
  volume        = {abs/1605.07272},
  archiveprefix = {arXiv},
  bibsource     = {dblp computer science bibliography, https://dblp.org},
  biburl        = {https://dblp.org/rec/bib/journals/corr/GeLM16},
  eprint        = {1605.07272},
  timestamp     = {Mon, 13 Aug 2018 16:48:52 +0200},
  url           = {http://arxiv.org/abs/1605.07272},
}

@Book{MATHEDUC.06062408,
  title      = {Basic knowledge for the study of mathematics - Analysis and linear algebra with cross connections. With contributions by Klaus Lichtenegger. (Grundwissen Mathematikstudium - Analysis und Lineare Algebra mit Querverbindungen.)},
  publisher  = {Heidelberg: Springer Spektrum},
  year       = {2013},
  author     = {Arens, Tilo and Busam, Rolf and Hettlich, Frank and Karpfinger, Christian and Stachel, Hellmuth},
  isbn       = {978-3-8274-2308-5},
  abstract   = {This course is very useful for obtaining a basic knowledge in mathematics. In 1172 pages (26 chapters), the authors cover the main part of analysis and linear algebra. This book impresses by the form of its presentation. The introduced notions are doubled by numerical examples, or some small applications, in order to obtain a good understanding. The book deals with notions of set theory, logic, algebraic structures (groups, rings, fields, homomorphisms), sets of real numbers, linear systems, vector spaces, analytic geometry, sequences (convergence), continuous functions, matrices, determinants, differentials and integrals. The exercises and problems attached are firstly solved by indications, then complete solutions are provided.},
  doi        = {10.1007/978-3-8274-2309-2},
  identifier = {2014b.00623},
  msc2010    = {I15xx (H15xx A15xx)},
  pages      = {xii, 1172~p.},
  reviewer   = {Cristinel Mortici (T\^argovi\c{s}te)},
}

@Book{MATHEDUC.06333915,
  title      = {Basic knowledge for the study of mathematics - Higher analysis, numerics and stochastics. With support by Daniel Rademacher. (Grundwissen Mathematikstudium - Hoehere Analysis, Numerik und Stochastik.)},
  publisher  = {Heidelberg: Springer Spektrum},
  year       = {2016},
  author     = {Brokate, Martin and Henze, Norbert and Hettlich, Frank and Meister, Andreas and Schranz-Kirlinger, Gabriela and Sonar, Thomas},
  isbn       = {978-3-642-45077-8},
  abstract   = {Mit dem vorliegenden Werk (Band 2, 24 Kapitel auf etwas mehr als 1000 Seiten) wird der vorausgehende Band 1 ``Grundwissen Mathematikstudium: Analysis und Lineare Algebra mit Querverbindungen'' fortgesetzt [Heidelberg: Springer Spektrum, 1172 p. (2013; Zbl 1279.00002)]. Erg\"anzend zum Band 2 gibt es ein Arbeitsbuch ``Grundwissen Mathematikstudium -- H\"ohere Analysis, Numerik und Stochastik: Aufgaben, Hinweise, L\"osungen und L\"osungswege'' [Heidelberg: Springer Spektrum, 237 p. (2016; Zbl 1328.00004)]. Band 2 beinhaltet nach einem einf\"uhrenden Kapitel ``Mathematik -- eine lebendige Wissenschaft'' 9 vertiefende Kapitel zur H\"oheren Analysis, gefolgt von 8 Kapiteln zur Numerik und abschlie{\ss}end 6 Kapitel zur Stochastik. Bedingt durch den Vier-Farben-Druck gewinnt das Buch an \"Ubersichtlichkeit und zieht den Leser in seinen Bann. Jedes Kapitel endet mit einer Zusammenfassung und Aufgaben zur Festigung des behandelten Lehrstoffes. Damit ist dieses Buch insbesondere f\"ur Studierende der Mathematik eine empfehlenswerte Lekt\"ure. Einige Kapitel sind weniger theorielastig und mehr praxisorientiert und daher sogar auch Ingenieurstudenten an einer Universit\"at oder Fachhochschule zu empfehlen, z.B. Kapitel 2 und 3 (lineare und nichtlineare gew\"ohnliche Differentialgleichungen, einschlie{\ss}lich Laplace-Transformation) oder Kapitel 5 Funktionentheorie, das insbesondere auch f\"ur Studierende der Elektrotechnik interessant sein d\"urfte. Als kleine kritische Anmerkung sei hier auf S. 43 verwiesen: homogene Differentialgleichung (nicht zu verwechseln mit einer homogenen linearen Differentialgleichung). Hier w\"are ein Hinweis auf die \"Ahnlichkeitsdifferentialgleichung angebracht. Im Kapitel 5 findet man kurz gefasst auf S. 100ff die wichtigsten Grundlagen zu den komplexen Zahlen (u.a. Euler-Formel, Hauptargumentbereich $(-\pi,\pi]$). Dann die Definition der allgemeinen Potenz (S. 101), zuvor die Mehrdeutigkeit des Logarithmus und der Hinweis auf den Hauptwert des Logarithmus. In diesem Zusammenhang w\"are dann auch beim Wurzelziehen der Hinweis auf die Hauptwurzel angebracht. Erg\"anzend k\"onnte man sich vorstellen, dass hier darauf verwiesen wird, dass die $m$-ten Wurzeln stets in $m$ Winkelr\"aumen zu finden sind, die sich wie gleichgro{\ss}e ``Kuchenst\"ucke'' in der Gau{\ss}'schen Zahlenebene verteilen und dabei die Hauptwurzel im Winkelraum $0$ symmetrisch zur positiven reellen Achse zu finden ist $(-\pi/m< \varphi/m\le\pi/m)$. Damit wird deutlich, dass eine rein negative Zahl niemals als Hauptwurzel in Frage kommt: z.B. ist $\root 3\of{-8}=-2$ die 1. Nebenwurzel. Entsprechend liegen die Werte des komplexen Logarithmus in Parallelstreifen der Breite $2\pi$ und der Hauptwert im Parallelstreifen $0\,(-\pi<\arg(z)\le\pi)$. Kommt man nun zur\"uck auf die Potenzen $w=z^m$ oder $w=e^z$, w\"are ein Hinweis angebracht, dass jeder Winkelraum bzw. jeder Parallelstreifen bereits in eine volle Zahlenebene \"ubergeht, die dann als Riemann'sches Blatt bezeichnet wird. Leider sind diese Begriffe ``Winkelraum, Parallelstreifen, Riemann'sche Bl\"atter" in vielen Mathematikb\"uchern verschwunden, obwohl sie sehr anschaulich sind und das Verst\"andnis f\"ordern, vgl. z.B. {\it A. W. Bizadse} [Grundlagen der Theorie analytischer Funktionen. In deutscher Sprache herausgegeben von Udo Pirl. Mathematische Lehrb\"ucher und Monographien. I. Abteilung, Band 23. Berlin: Akademie-Verlag. 186 S. (1973; Zbl 0259.30002)]. Auch die Kapitel zur Stochastik, insbesondere die Zusammenfassungen und ausgew\"ahlte Aufgaben, sind nicht nur f\"ur Mathematikstudenten sondern auch f\"ur Ingenieurstudenten empfehlenswert. Aufgabe 23.40 a) (S. 899 unten) enth\"alt offensichtlich einen Druckfehler, die Ungleichung sollte korrekt lauten: $n+a\sqrt{n}\le S_n\le n+b\sqrt{n}$. Der Fehler taucht auch im Arbeitsbuch auf (S. 203 und S. 215), jedoch wird die L\"osung dann korrekt dargestellt. Der Abschnitt 24.3 Konfidenzbereiche ist f\"ur jeden Studenten empfehlenswert zu lesen, der auf wenigen Seiten das Wichtigste dazu erfahren m\"ochte. Der anschlie{\ss}ende Abschnitt 24.4 beschreibt dann die statistischen Tests: Binomialtest, Gau{\ss}-Test, einfacher und doppelter $t$-Test, wobei der doppelte $t$-Test nur f\"ur den Fall der ``Streuungsgleichheit'' in den Grundgesamtheiten beschrieben wird. Auf den Fall ``Streuungsungleichheit'' wird nicht eingegangen, obwohl dieser Fall schon in den neueren Schultaschenrechnern programmiert ist. Es schlie{\ss}t sich der $F$-Test f\"ur den Varianzquotienten an. Ein paar Seiten weiter findet man den Chi-Quadrat-Anpassungstest und dann den Kolmogorov-Smirnov-Anpassungstest und einen Ausblick auf die Wilcoxon-Rangsummenstatistik und die Mann-Whitney-Statistik. In der Zusammenfassung vermisst man eine klare Handreichung zur Testdurchf\"uhrung, etwa so: 1. Hypothesen $H_0$ und $H_a$ aufstellen; 2. Signifikanzniveau $\alpha$ festlegen; 3. Testgr\"o{\ss}e $T$ angeben, die unter $H_0$ einer bestimmten Pr\"ufverteilung gen\"ugt; 4. kritischen Bereich $K^*$ festlegen, der in Anlehnung an $H_a$ einseitig oder zweiseitig ausf\"allt; 5. Entscheidung zum Test herbeif\"uhren: $T$ anhand der Daten realisieren, d.h. $T=t$. Gilt $t\in K^*$, dann $H_0$ ablehnen bzw. bei Nutzung von Statistik-Software die Entscheidung \"uber den $p$-Wert herbeif\"uhren: $p<\alpha$ entspricht $t\in K^*$. usw. Abschlie{\ss}end noch eine Bemerkung zur verwendeten Symbolik $\bbfN= \{1,2,3,\dots\}$ und $\bbfN_0= \{0,1,2,3,\dots\}$, die nicht der Empfehlung des Deutschen Institutes f\"ur Normung entspricht, vgl. DIN 1302, und in fast allen Bundesl\"andern so nicht mehr in den Schulb\"uchern zu finden ist. Es setzt sich immer mehr die DIN-gerechte Symbolik $\bbfN= \{0,1,2,3,\dots\}$ und $\bbfN^*= \{1,2,3,\dots\}$ durch. Als Leser ist man zun\"achst schon auf S. 6 (s. Achtung) im Unklaren, was unter dem Symbol $\bbfN$ zu verstehen ist. Es w\"are im Kapitel 1 ein Hinweis hilfreich, dass im Buch von der DIN-gerechten Symbolik abgewichen wird, vgl. dann auch z.B. $\bbfN_0$ auf S. 253.},
  doi        = {10.1007/978-3-642-45078-5},
  identifier = {2016c.00811},
  msc2010    = {I15xx (N15xx K15xx)},
  pages      = {x, 1004~p.},
  reviewer   = {Ludwig Paditz (Dresden)},
}

@Comment{jabref-meta: databaseType:bibtex;}
